<record><leader>00000cas a22000007a 4500</leader><controlfield tag="001">31037518</controlfield><controlfield tag="008">940831d1893189umauwr ne      0    0eng d</controlfield><datafield ind1=" " ind2=" " tag="010"><subfield code="a">sn 94055826 </subfield></datafield><datafield ind1=" " ind2=" " tag="040"><subfield code="a">MGN</subfield><subfield code="b">eng</subfield><subfield code="c">MGN</subfield><subfield code="d">OCLCQ</subfield></datafield><datafield ind1=" " ind2=" " tag="042"><subfield code="a">msc</subfield></datafield><datafield ind1="0" ind2=" " tag="130"><subfield code="a">West Newbury messenger (West Newbury, Mass. : 1893)</subfield></datafield><datafield ind1="1" ind2="0" tag="245"><subfield code="a">West Newbury messenger.</subfield></datafield><datafield ind1=" " ind2=" " tag="260"><subfield code="a">West Newbury, Mass. :</subfield><subfield code="b">Levi C. McKinstry</subfield></datafield><datafield ind1=" " ind2=" " tag="300"><subfield code="a">v.</subfield></datafield><datafield ind1=" " ind2=" " tag="310"><subfield code="a">Weekly</subfield></datafield><datafield ind1="1" ind2=" " tag="362"><subfield code="a">Began in Oct. 1893?</subfield></datafield><datafield ind1=" " ind2=" " tag="500"><subfield code="a">Place of publication is given also as Bradford, Mass., &lt;Aug. 4, 1894&gt;.</subfield></datafield><datafield ind1=" " ind2=" " tag="588"><subfield code="a">Description based on: Vol. 3, no. 45 (July 28, 1894).</subfield></datafield><datafield ind1=" " ind2=" " tag="752"><subfield code="a">United States</subfield><subfield code="b">Massachusetts</subfield><subfield code="c">Essex</subfield><subfield code="d">West Newbury.</subfield></datafield><datafield ind1=" " ind2=" " tag="752"><subfield code="a">United States</subfield><subfield code="b">Massachusetts</subfield><subfield code="c">Essex</subfield><subfield code="d">Haverhill.</subfield></datafield><datafield ind1=" " ind2=" " tag="752"><subfield code="a">United States</subfield><subfield code="b">Massachusetts</subfield><subfield code="c">Essex</subfield><subfield code="d">Bradford.</subfield></datafield><datafield ind1="0" ind2="1" tag="780"><subfield code="t">Weekly messenger (Groveland, Mass.)</subfield><subfield code="w">(DLC)sn 94055824</subfield></datafield></record>